@online{site:agile-manifesto,
    title = {Manifesto Agile},
    url = {https://www.atlassian.com/it/agile/manifesto},
    urldate = {2024-07-27}
}

@online{site:scrum,
    title = {Scrum},
    url = {https://www.atlassian.com/it/agile/scrum},
    urldate = {2024-07-27}
}

@online{site:ticket,
    title = {Tipologia di ticket Jira},
    url = {https://www.atlassian.com/it/software/jira/guides/issues/overview#what-are-issue-types},
    urldate = {2024-07-27}
}

@online{site:vsh,
    title = {Sito di VisioneImpresa},
    url = {https://www.vsh.it/},
    urldate = {2024-07-27}
}

@online{site:3cx,
    title = {Funzionalità di 3CX},
    url = {https://www.3cx.it/},
    urldate = {2024-07-28}
}

@online{site:ssms,
    title = {Funzionalità di SSMS},
    url = {https://learn.microsoft.com/it-it/sql/ssms/download-sql-server-management-studio-ssms?view=sql-server-ver16},
    urldate = {2024-07-28}
}

@online{site:swagger,
    title = {Swagger},
    url = {https://www.geekandjob.com/wiki/swagger},
    urldate = {2024-08-04}
}

@online{site:api,
    title = {Definizione API},
    url = {https://www.redhat.com/it/topics/api/what-is-a-rest-api},
    urldate = {2024-08-04}
}

